{
  "leader": "02371cam a22004691i 4500",
  "fields": [
    {
      "001": "ocm00546399\\"
    },
    {
      "003": "OCoLC"
    },
    {
      "005": "20220103091121.0"
    },
    {
      "008": "711124t19641964nyu\\\\\\\\\\\\b\\\\\\\\001\\0\\eng\\\\"
    },
    {
      "007": "ta"
    },
    {
      "010": {
        "ind1": "\\",
        "ind2": "\\",
        "subfields": [
          {
            "a": "   64011136 "
          }
        ]
      }
    },
    {
      "040": {
        "ind1": "\\",
        "ind2": "\\",
        "subfields": [
          {
            "a": "DLC"
          },
          {
            "b": "eng"
          },
          {
            "c": "DLC"
          },
          {
            "d": "DMJ"
          },
          {
            "d": "MUQ"
          },
          {
            "d": "NLGGC"
          },
          {
            "d": "NLM"
          },
          {
            "d": "BTCTA"
          },
          {
            "d": "OCLCG"
          },
          {
            "d": "ZWZ"
          },
          {
            "d": "JYJ"
          },
          {
            "d": "VRC"
          },
          {
            "d": "UKMGB"
          },
          {
            "d": "GBVCP"
          },
          {
            "d": "CFT"
          },
          {
            "d": "OCLCF"
          },
          {
            "d": "OCLCQ"
          },
          {
            "d": "KPS"
          },
          {
            "d": "OCLCO"
          },
          {
            "d": "OCLCA"
          },
          {
            "d": "PHUST"
          },
          {
            "d": "UEJ"
          },
          {
            "d": "OCLCQ"
          },
          {
            "d": "NLC"
          },
          {
            "d": "CSJ"
          },
          {
            "d": "OCLCO"
          },
          {
            "d": "OCLCA"
          },
          {
            "d": "KPV"
          },
          {
            "d": "OCLCQ"
          },
          {
            "d": "OKR"
          },
          {
            "d": "OCL"
          },
          {
            "d": "SJG"
          },
          {
            "d": "CPO"
          },
          {
            "d": "OCLCO"
          },
          {
            "d": "OCLCQ"
          },
          {
            "d": "U3G"
          },
          {
            "d": "OCLCQ"
          },
          {
            "d": "NYHOF"
          },
          {
            "d": "OCLCQ"
          },
          {
            "d": "RDF"
          },
          {
            "d": "IL4J6"
          },
          {
            "d": "OCLCO"
          }
        ]
      }
    },
    {
      "016": {
        "ind1": "\\",
        "ind2": "\\",
        "subfields": [
          {
            "a": "(AMICUS)000001416928"
          }
        ]
      }
    },
    {
      "016": {
        "ind1": "7",
        "ind2": "\\",
        "subfields": [
          {
            "a": "0007644"
          },
          {
            "2": "DNLM"
          }
        ]
      }
    },
    {
      "016": {
        "ind1": "7",
        "ind2": "\\",
        "subfields": [
          {
            "a": "001158206"
          },
          {
            "2": "Uk"
          }
        ]
      }
    },
    {
      "019": {
        "ind1": "\\",
        "ind2": "\\",
        "subfields": [
          {
            "a": "192107"
          },
          {
            "a": "711062"
          },
          {
            "a": "7950524"
          },
          {
            "a": "15803234"
          },
          {
            "a": "221627119"
          },
          {
            "a": "560470111"
          },
          {
            "a": "964613364"
          },
          {
            "a": "966886932"
          },
          {
            "a": "971334978"
          },
          {
            "a": "1020225124"
          },
          {
            "a": "1055422048"
          },
          {
            "a": "1061904106"
          },
          {
            "a": "1087116536"
          },
          {
            "a": "1087206858"
          },
          {
            "a": "1167112830"
          },
          {
            "a": "1201968897"
          }
        ]
      }
    },
    {
      "020": {
        "ind1": "\\",
        "ind2": "\\",
        "subfields": [
          {
            "a": "0393010236"
          }
        ]
      }
    },
    {
      "020": {
        "ind1": "\\",
        "ind2": "\\",
        "subfields": [
          {
            "a": "9780393010237"
          }
        ]
      }
    },
    {
      "035": {
        "ind1": "\\",
        "ind2": "\\",
        "subfields": [
          {
            "a": "(OCoLC)546399"
          },
          {
            "z": "(OCoLC)192107"
          },
          {
            "z": "(OCoLC)711062"
          },
          {
            "z": "(OCoLC)7950524"
          },
          {
            "z": "(OCoLC)15803234"
          },
          {
            "z": "(OCoLC)221627119"
          },
          {
            "z": "(OCoLC)560470111"
          },
          {
            "z": "(OCoLC)964613364"
          },
          {
            "z": "(OCoLC)966886932"
          },
          {
            "z": "(OCoLC)971334978"
          },
          {
            "z": "(OCoLC)1020225124"
          },
          {
            "z": "(OCoLC)1055422048"
          },
          {
            "z": "(OCoLC)1061904106"
          },
          {
            "z": "(OCoLC)1087116536"
          },
          {
            "z": "(OCoLC)1087206858"
          },
          {
            "z": "(OCoLC)1167112830"
          },
          {
            "z": "(OCoLC)1201968897"
          }
        ]
      }
    },
    {
      "050": {
        "ind1": "0",
        "ind2": "0",
        "subfields": [
          {
            "a": "BF175"
          },
          {
            "b": ".E72"
          }
        ]
      }
    },
    {
      "055": {
        "ind1": "\\",
        "ind2": "0",
        "subfields": [
          {
            "a": "BF175"
          },
          {
            "b": ".E72"
          }
        ]
      }
    },
    {
      "060": {
        "ind1": "0",
        "ind2": "0",
        "subfields": [
          {
            "a": "WM 460"
          },
          {
            "b": "E68i 1964"
          }
        ]
      }
    },
    {
      "082": {
        "ind1": "0",
        "ind2": "0",
        "subfields": [
          {
            "a": "131.34081"
          },
          {
            "b": "ERI"
          }
        ]
      }
    },
    {
      "083": {
        "ind1": "0",
        "ind2": "\\",
        "subfields": [
          {
            "a": "Psychoanalysis. Freudian system Lectures, speeches"
          }
        ]
      }
    },
    {
      "100": {
        "ind1": "1",
        "ind2": "\\",
        "subfields": [
          {
            "a": "Erikson, Erik H."
          },
          {
            "q": "(Erik Homburger),"
          },
          {
            "d": "1902-1994,"
          },
          {
            "e": "author."
          }
        ]
      }
    },
    {
      "245": {
        "ind1": "1",
        "ind2": "0",
        "subfields": [
          {
            "a": "Insight and responsibility :"
          },
          {
            "b": "lectures on the ethical implications of psychoanalytic insight /"
          },
          {
            "c": "Erik H. Erikson."
          }
        ]
      }
    },
    {
      "250": {
        "ind1": "\\",
        "ind2": "\\",
        "subfields": [
          {
            "a": "First edition."
          }
        ]
      }
    },
    {
      "264": {
        "ind1": "\\",
        "ind2": "1",
        "subfields": [
          {
            "a": "New York :"
          },
          {
            "b": "W.W. Norton,"
          },
          {
            "c": "[1964]"
          }
        ]
      }
    },
    {
      "264": {
        "ind1": "\\",
        "ind2": "4",
        "subfields": [
          {
            "a": "\u00a91964"
          }
        ]
      }
    },
    {
      "300": {
        "ind1": "\\",
        "ind2": "\\",
        "subfields": [
          {
            "a": "256 pages ;"
          },
          {
            "c": "22 cm"
          }
        ]
      }
    },
    {
      "336": {
        "ind1": "\\",
        "ind2": "\\",
        "subfields": [
          {
            "a": "text"
          },
          {
            "b": "txt"
          },
          {
            "2": "rdacontent"
          }
        ]
      }
    },
    {
      "337": {
        "ind1": "\\",
        "ind2": "\\",
        "subfields": [
          {
            "a": "unmediated"
          },
          {
            "b": "n"
          },
          {
            "2": "rdamedia"
          }
        ]
      }
    },
    {
      "338": {
        "ind1": "\\",
        "ind2": "\\",
        "subfields": [
          {
            "a": "volume"
          },
          {
            "b": "nc"
          },
          {
            "2": "rdacarrier"
          }
        ]
      }
    },
    {
      "340": {
        "ind1": "\\",
        "ind2": "\\",
        "subfields": [
          {
            "m": "8vo."
          },
          {
            "2": "rdabf"
          }
        ]
      }
    },
    {
      "504": {
        "ind1": "\\",
        "ind2": "\\",
        "subfields": [
          {
            "a": "Includes bibliographical references (pages 245-248) and index."
          }
        ]
      }
    },
    {
      "505": {
        "ind1": "0",
        "ind2": "\\",
        "subfields": [
          {
            "a": "The first psychoanalyst -- The nature of clinical evidence -- Identity and uprootedness in our time -- Human strength and the cycle of generations -- Psychological reality and historical actuality -- The golden rule in the light of new insight."
          }
        ]
      }
    },
    {
      "650": {
        "ind1": "\\",
        "ind2": "0",
        "subfields": [
          {
            "a": "Psychoanalysis."
          }
        ]
      }
    },
    {
      "650": {
        "ind1": "\\",
        "ind2": "2",
        "subfields": [
          {
            "a": "Psychoanalysis"
          }
        ]
      }
    },
    {
      "650": {
        "ind1": "\\",
        "ind2": "7",
        "subfields": [
          {
            "a": "Psychoanalysis."
          },
          {
            "2": "fast"
          },
          {
            "0": "(OCoLC)fst01081235"
          }
        ]
      }
    },
    {
      "994": {
        "ind1": "\\",
        "ind2": "\\",
        "subfields": [
          {
            "a": "Z0"
          },
          {
            "b": "NYRVC"
          }
        ]
      }
    },
    {
      "948": {
        "ind1": "\\",
        "ind2": "\\",
        "subfields": [
          {
            "h": "NO HOLDINGS IN NYRVC - 1780 OTHER HOLDINGS"
          }
        ]
      }
    },
    {
      "999": {
        "ind1": "\\",
        "ind2": "\\",
        "subfields": [
          {
            "a": "00000000016466"
          }
        ]
      }
    }
  ]
}